@book{gratzer2007more,
	title={More Math Into},
	author={Gr{\"a}tzer, George},
	year={2007},
	publisher={Springer},
}